<?xml version="1.0" encoding="UTF-8"?><record xmlns="http://www.loc.gov/MARC21/slim" xmlns:cinclude="http://apache.org/cocoon/include/1.0" xmlns:zs="http://www.loc.gov/zing/srw/">
  <leader>00858cz  a2200205n  4500</leader>
  <controlfield tag="001">nr 92011962 </controlfield>
  <controlfield tag="003">DLC</controlfield>
  <controlfield tag="005">20081017075059.0</controlfield>
  <controlfield tag="008">920326nc acannaabn          |b aaa      </controlfield>
  <datafield tag="010" ind1=" " ind2=" ">
    <subfield code="a">nr 92011962 </subfield>
  </datafield>
  <datafield tag="035" ind1=" " ind2=" ">
    <subfield code="a">(OCoLC)oca03139837</subfield>
  </datafield>
  <datafield tag="040" ind1=" " ind2=" ">
    <subfield code="a">DLC-R</subfield>
    <subfield code="b">eng</subfield>
    <subfield code="c">DLC-R</subfield>
    <subfield code="d">NjP</subfield>
    <subfield code="d">OCoLC</subfield>
  </datafield>
  <datafield tag="100" ind1="1" ind2=" ">
    <subfield code="a">Yao, Hanrong</subfield>
  </datafield>
  <datafield tag="400" ind1="1" ind2=" ">
    <subfield code="w">nne</subfield>
    <subfield code="a">Yao, Han-jung</subfield>
  </datafield>
  <datafield tag="400" ind1="1" ind2=" ">
    <subfield code="a">姚汉荣</subfield>
  </datafield>
  <datafield tag="400" ind1="1" ind2=" ">
    <subfield code="a">姚漢榮</subfield>
  </datafield>
  <datafield tag="667" ind1=" " ind2=" ">
    <subfield code="a">Machine-derived non-Latin script reference project.</subfield>
  </datafield>
  <datafield tag="667" ind1=" " ind2=" ">
    <subfield code="a">Non-Latin script references not evaluated.</subfield>
  </datafield>
  <datafield tag="670" ind1=" " ind2=" ">
    <subfield code="a">His Chʻu wen hua hsün i, 1990:</subfield>
    <subfield code="b">t.p. (Yao Han-jung)</subfield>
  </datafield>
  <datafield tag="670" ind1=" " ind2=" ">
    <subfield code="a">Chung-kuo ku tai wen hua chih tu chien shih, 1992:</subfield>
    <subfield code="b">t.p. (Yao Han-jung) cover flap (b. 4-1934; native of Wu-hsi, Kiangsu Prov.; grad. Fu tan ta hsüeh Chung wen hsi, 1962; director &amp; assoc. prof., Shang-hai ta hsüeh wen hsüeh yüan Chung-kuo wen hua yen chiu so)</subfield>
  </datafield>
</record>